@online{genius,
title = {Genius docs},
url = {https://docs.genius.com/}
},
@online{wiki_albums,
author = {Wikipedia},
title = {Liste der meistverkauften {Rapalben} in {Deutschland}},
year = {2020},
url = {https://de.wikipedia.org/wiki/Liste\_der\_meistverkauften\_Rapalben\_in\_Deutschland}
},
@online{spotify_2020,
author = {Spotify},
title = {Top {K\"unstler*innen} 2020},
year = {2020},
url = {https://open.spotify.com/playlist/37i9dQZF1DWTdV9tXbHOAv}
},
@online{lyricsgenius,
author = {John W. Miller},
title = {{LyricsGenius}: a {Python} client for the Genius.com {API}},
url = {https://github.com/johnwmillr/LyricsGenius}
},
@online{spacy_issues,
author = {Github},
title = {Improve rule-based lemmatization and replace lookups},
year = {2018},
url = {https://github.com/explosion/spaCy/issues/2668}
},
@misc{musikindustrie,
author = {Dr. Florian Drücke, Sigrid Herrenbrück, Georg Sobbe},
title = {Musikindustrie in {Zahlen} 2019},
year = {2020},
OPTorganization = {Bundesverband Musikindustrie e.V.},
OPTurl = {https://www.musikindustrie.de/fileadmin/bvmi/upload/06\_Publikationen/MiZ\_Jahrbuch/2019/Musikindustrie\_in\_Zahlen\_2019.pdf}
},
@online{spotipy,
author = {Paul Lamere},
title = {Welcome to {Spotipy!}},
url = {https://spotipy.readthedocs.io/en/2.16.1/}
}



